@electronic{energy-department,
    author               = {{U.S Department of Energy}},
    title                = {DOE Explains...Beta Decay},
    url                  = {https://www.energy.gov/science/doe-explainsbeta-decay}
}

@article{mpdi,
    author               = {Oliver Keller AND Mathieu Benoit AND Andreas
                            M\"uller AND Sascha Schmeling},
    title                = {Smartphone and Tablet-Based Sensing of
                            Environmental Radioactivity: Mobile Low-Cost
                            Measurements for Monitoring, Citizen Science, and
                            Educational Purposes},
    journal              = {Sensors},
    year                 = {2019},
    volume               = {19},
    url                  = {https://www.mdpi.com/1424-8220/19/19/4264},
}
