@electronic{energy-department,
    author               = {{U.S Department of Energy}},
    title                = {DOE Explains...Beta Decay},
    url                  = {https://www.energy.gov/science/doe-explainsbeta-decay}
}

@article{mpdi,
    author               = {Oliver Keller AND Mathieu Benoit AND Andreas
                            M\"uller AND Sascha Schmeling},
    title                = {Smartphone and Tablet-Based Sensing of
                            Environmental Radioactivity: Mobile Low-Cost
                            Measurements for Monitoring, Citizen Science, and
                            Educational Purposes},
    journal              = {Sensors},
    year                 = {2019},
    volume               = {19},
    url                  = {https://www.mdpi.com/1424-8220/19/19/4264},
}

@techreport{nist,
    author               = {M.J. Berger AND J.S. Coursey AND M.A. Zucker AND J. Chang},
    title                = {Stopping-Power \& Range Tables for Electrons, Protons, and Helium Ions},
    institution          = {National Institute of Standards and Technology},
    year                 = {2009},
    month                = {October},
    url                  = {https://www.nist.gov/pml/stopping-power-range-tables-electrons-protons-and-helium-ions},
}

@misc{git_repo,
    author               = {Hernan Silva},
    title                = {Detector de Part√≠culas Beta},
    url                  = {https://github.com/hernansilva02/fotodiodo-project.git},
    note                 = {[Accedido: 23 Oct. 2025]}
}

@misc{original_repo,
    author               = {Ozel},
    title                = {DIY particle detector},
    url                  = {https://github.com/ozel/DIY_particle_detector.git},
    note                 = {[Accedido: 23 Oct. 2025]}
}

